Automatically generated by Mendeley Desktop 1.19.2
Any changes to this file will be lost if it is regenerated by Mendeley.

BibTeX export options can be customized via Preferences -> BibTeX in Mendeley Desktop

@misc{Starkov,
author = {Starkov, Vladimir and Stepanova, Varya and Strukchinsky, Vsevolod},
title = {{BEM â€” Block Element Modifier}},
url = {http://getbem.com/}
}
@misc{Coyier,
author = {Coyier, Chris},
title = {{A Complete Guide to Grid | CSS-Tricks}},
url = {https://css-tricks.com/snippets/css/complete-guide-grid/},
urldate = {2018-10-30}
}
@misc{Nijin39,
author = {Nijin39},
title = {{Semantic UI - Calendar}},
url = {https://codepen.io/nijin39/pen/JbQBXM},
urldate = {2018-10-30}
}
@misc{Gallagher,
author = {Gallagher, Nicolas and Neal, Jonathan},
title = {{Normalize.css: Make browsers render all elements more consistently.}},
url = {https://necolas.github.io/normalize.css/}
}
@misc{Coyiera,
author = {Coyier, Chris},
title = {{A Complete Guide to Flexbox | CSS-Tricks}},
url = {https://css-tricks.com/snippets/css/a-guide-to-flexbox/},
urldate = {2018-10-30}
}
@misc{Stackoverflow,
author = {Stackoverflow},
title = {{Stack Overflow Developer Survey 2018}},
url = {https://insights.stackoverflow.com/survey/2018{\#}development-environments-and-tools},
urldate = {2018-10-30}
}
@misc{RefsnesData,
author = {{Refsnes Data}},
title = {{CSS Tutorial | w3schools.com}},
url = {https://www.w3schools.com/css/default.asp},
urldate = {2018-10-30}
}
